<?xml version="1.0" encoding="UTF-8"?><record xmlns="http://www.loc.gov/MARC21/slim" xmlns:cinclude="http://apache.org/cocoon/include/1.0" xmlns:zs="http://www.loc.gov/zing/srw/">
  <leader>00558cz  a2200157n  4500</leader>
  <controlfield tag="001">n  82016320 </controlfield>
  <controlfield tag="003">DLC</controlfield>
  <controlfield tag="005">20080403074824.0</controlfield>
  <controlfield tag="008">820216n| acannaab           |a aaa      </controlfield>
  <datafield tag="010" ind1=" " ind2=" ">
    <subfield code="a">n  82016320 </subfield>
  </datafield>
  <datafield tag="040" ind1=" " ind2=" ">
    <subfield code="a">DLC</subfield>
    <subfield code="c">DLC</subfield>
  </datafield>
  <datafield tag="100" ind1="1" ind2=" ">
    <subfield code="a">Auneau, J.</subfield>
    <subfield code="q">(Joseph),</subfield>
    <subfield code="d">1936-</subfield>
  </datafield>
  <datafield tag="400" ind1="1" ind2=" ">
    <subfield code="a">Auneau, Joseph,</subfield>
    <subfield code="d">1936-</subfield>
  </datafield>
  <datafield tag="400" ind1="1" ind2=" ">
    <subfield code="a">Ūnū, Jūzīf,</subfield>
    <subfield code="d">1936-</subfield>
  </datafield>
  <datafield tag="670" ind1=" " ind2=" ">
    <subfield code="a">Évangiles synoptiques et Actes des Actes des apôtres, c1981 (a.e.)</subfield>
    <subfield code="b">t.p. (J. Auneau) p. 4 (Joseph Auneau, b. 1936; priest)</subfield>
  </datafield>
  <datafield tag="670" ind1=" " ind2=" ">
    <subfield code="a">Qirāʼah fī al-ʻAhd al-Qadīm, 2003:</subfield>
    <subfield code="b">t.p. (Jūzīf Ūnū)</subfield>
  </datafield>
</record>